<?xml version="1.0"?><ENVELOPE><HEADER><TALLYREQUEST>Import Data</TALLYREQUEST></HEADER><BODY><VOUCHER><DATE>2023-05-17</DATE><NARRATION>Inv.No :THIYAGAM TEXTILES-THIRUVAIYAR</NARRATION><VOUCHERTYPENAME>Sales</VOUCHERTYPENAME><VOUCHERNUMBER>THIYAGAM TEXTILES-THIRUVAIYAR</VOUCHERNUMBER><REFERENCE>THIYAGAM TEXTILES-THIRUVAIYAR</REFERENCE><PARTYLEDGERNAME>560/2023-24</PARTYLEDGERNAME><EFFECTIVEDATE>2023-05-17</EFFECTIVEDATE><ALLLEDGERENTRIES.LIST><LEDGERNAME>560/2023-24</LEDGERNAME><ISDEEMEDPOSITIVE>Yes</ISDEEMEDPOSITIVE><AMOUNT>-32270.00</AMOUNT></ALLLEDGERENTRIES.LIST><ALLLEDGERENTRIES.LIST><LEDGERNAME>5% GST SALES</LEDGERNAME><ISDEEMEDPOSITIVE>No</ISDEEMEDPOSITIVE><AMOUNT>30720.00</AMOUNT></ALLLEDGERENTRIES.LIST><ALLLEDGERENTRIES.LIST><LEDGERNAME>OUTPUT TAX CGST 2.5%</LEDGERNAME><ISDEEMEDPOSITIVE>No</ISDEEMEDPOSITIVE><AMOUNT>768.28</AMOUNT></ALLLEDGERENTRIES.LIST><ALLLEDGERENTRIES.LIST><LEDGERNAME>OUTPUT TAX SGST 2.5%</LEDGERNAME><ISDEEMEDPOSITIVE>No</ISDEEMEDPOSITIVE><AMOUNT>768.28</AMOUNT></ALLLEDGERENTRIES.LIST><LEDGERALLOCATIONS.LIST><LEDGERNAME>FORWARDING CHARGES</LEDGERNAME><ISDEEMEDPOSITIVE>No</ISDEEMEDPOSITIVE><AMOUNT>13.00</AMOUNT></LEDGERALLOCATIONS.LIST><LEDGERALLOCATIONS.LIST><LEDGERNAME>CHARITY</LEDGERNAME><ISDEEMEDPOSITIVE>No</ISDEEMEDPOSITIVE><AMOUNT>0.44</AMOUNT></LEDGERALLOCATIONS.LIST></VOUCHER></BODY></ENVELOPE>